@Book{xie2015,
  title = {Dynamic Documents with {R} and knitr},
  author = {Yihui Xie},
  publisher = {Chapman and Hall/CRC},
  address = {Boca Raton, Florida},
  year = {2015},
  edition = {2nd},
  note = {ISBN 978-1498716963},
  url = {http://yihui.org/knitr/},
}


@incollection {hairer11,
	AUTHOR = {Hairer, Martin and Mattingly, Jonathan C.},
	TITLE = {Yet another look at {H}arris' ergodic theorem for {M}arkov
	chains},
	BOOKTITLE = {Seminar on {S}tochastic {A}nalysis, {R}andom {F}ields and
	{A}pplications {VI}},
	SERIES = {Progr. Probab.},
	VOLUME = {63},
	PAGES = {109--117},
	PUBLISHER = {Birkh\"auser/Springer Basel AG, Basel},
	YEAR = {2011},
	ISBN = {978-3-0348-0020-4},
	MRCLASS = {60J05 (37A30 37A50 47D07)},
	MRNUMBER = {2857021},
	MRREVIEWER = {Wojciech\ Bartoszek},
	DOI = {10.1007/978-3-0348-0021-1\_7},
	URL = {https://doi.org/10.1007/978-3-0348-0021-1_7},
}

@book {meyntweedie,
	AUTHOR = {Meyn, Sean and Tweedie, Richard L.},
	TITLE = {Markov chains and stochastic stability},
	EDITION = {Second},
	NOTE = {With a prologue by Peter W. Glynn},
	PUBLISHER = {Cambridge University Press, Cambridge},
	YEAR = {2009},
	PAGES = {xxviii+594},
	ISBN = {978-0-521-73182-9},
	MRCLASS = {60J05},
	MRNUMBER = {2509253},
	MRREVIEWER = {M.\ Iosifescu},
	DOI = {10.1017/CBO9780511626630},
	URL = {https://doi.org/10.1017/CBO9780511626630},
}